<record><leader>00000cas a22000007a 4500</leader><controlfield tag="001">26892412</controlfield><controlfield tag="008">921030c19479999ctusr n       0   a0eng d</controlfield><datafield ind1=" " ind2=" " tag="010"><subfield code="a">sn 92051517 </subfield></datafield><datafield ind1=" " ind2=" " tag="040"><subfield code="a">CNW</subfield><subfield code="b">eng</subfield><subfield code="c">CNW</subfield><subfield code="d">NSD</subfield><subfield code="d">OCLCQ</subfield></datafield><datafield ind1=" " ind2=" " tag="012"><subfield code="l">1</subfield><subfield code="m">1</subfield></datafield><datafield ind1="1" ind2=" " tag="022"><subfield code="a">1071-4480</subfield><subfield code="l">1071-4480</subfield><subfield code="2">1</subfield></datafield><datafield ind1=" " ind2=" " tag="032"><subfield code="a">009085</subfield><subfield code="b">USPS</subfield></datafield><datafield ind1=" " ind2=" " tag="037"><subfield code="b">The Sherman Sentinel, POB 64, Sherman, CT 06784</subfield></datafield><datafield ind1=" " ind2=" " tag="042"><subfield code="a">msc</subfield><subfield code="a">nsdp</subfield></datafield><datafield ind1=" " ind2="4" tag="222"><subfield code="a">The Sherman sentinel</subfield></datafield><datafield ind1="0" ind2="4" tag="245"><subfield code="a">The Sherman sentinel.</subfield></datafield><datafield ind1=" " ind2=" " tag="260"><subfield code="a">Sherman, Conn. :</subfield><subfield code="b">Lionel Williams</subfield></datafield><datafield ind1=" " ind2=" " tag="300"><subfield code="a">v.</subfield></datafield><datafield ind1=" " ind2=" " tag="310"><subfield code="a">Semimonthly,</subfield><subfield code="b">Aug. 18, 1989-</subfield></datafield><datafield ind1=" " ind2=" " tag="321"><subfield code="a">Biweekly,</subfield><subfield code="b">June 2, 1956-Aug. 4, 1989</subfield></datafield><datafield ind1=" " ind2=" " tag="321"><subfield code="a">Semimonthly,</subfield><subfield code="b">1947-May 19, 1956</subfield></datafield><datafield ind1="0" ind2=" " tag="362"><subfield code="a">July 19, 1947-</subfield></datafield><datafield ind1=" " ind2=" " tag="500"><subfield code="a">"A non-political, non-sectarian report of activities in the town of Sherman.</subfield></datafield><datafield ind1=" " ind2=" " tag="500"><subfield code="a">Publisher: Sentinel Pub. Co., &lt;July 16, 1993-&gt;</subfield></datafield><datafield ind1=" " ind2=" " tag="515"><subfield code="a">Issues for Aug. 2, 1947- also called: Vol. 1, no. 2-</subfield></datafield><datafield ind1=" " ind2=" " tag="588"><subfield code="a">Latest issue consulted: Vol. 47, no. 2 (July 16, 1993).</subfield></datafield><datafield ind1=" " ind2="4" tag="651"><subfield code="a">Sherman (Conn.)</subfield><subfield code="v">Newspapers.</subfield></datafield><datafield ind1=" " ind2=" " tag="752"><subfield code="a">United States</subfield><subfield code="b">Connecticut</subfield><subfield code="c">Fairfield</subfield><subfield code="d">Sherman.</subfield></datafield><datafield ind1="1" ind2=" " tag="029"><subfield code="a">AU@</subfield><subfield code="b">000020741678</subfield></datafield></record>